=LDR  01103cam a2200301 a 4500
=001  669990
=008  900320s1963\\\\xx\\\\\\\m\\\\\\\\0\eng\c
=035  \\$aocm65750903
=040  \\$beng
=049  \\$aAEU$beng
=055  \3$aL 13 A34$bO275 1963
=090  0\$a63FD-017
=090  0\$aL 13 A34 O275 1963
=100  1\$aOdynak, S. N.$q(Steve N.)
=245  14$aThe Alberta Teachers' Association as an interest group /$cby Steve N. Odynak.
=260  \\$c1963.
=300  \\$axiii, 241 leaves :$bill. ;$c29 cm.
=336  \\$atext$btxt$2rdacontent
=337  \\$aunmediated$bn$2rdamedia
=338  \\$avolume$bnc$2rdacarrier
=500  \\$aIn partial fulfilment of the requirements for the degree of Master of Philosophy, Department of Educational Administration.
=500  \\$aAlso available on microfilm.
=502  \\$aThesis (Ph.D.)--University of Alberta, 1963.
=596  \\$a41 50
=610  20$aAlberta Teachers' Association.
=710  2\$aUniversity of Alberta.$bDept. of Educational Administration.
=926  \\$aUAEDUC$bFLOOR_2$cL 13 A34 O275 1963$dBOOK$f1
=926  \\$aUASPCOLL$bON_SHELF$c63FD-017$dNO_LOAN$f1

