=LDR  01170cam a2200313 a 4500
=001  844350
=008  930125s1980\\\\xx\\\\\\\\\\\\\\\\0\eng\\
=016  \\$a820212385
=035  \\$aocn463454724
=040  \\$aCaOONL$beng
=049  \\$aAEU$beng
=055  \3$aQA 76.9 D3$bO993 1980
=090  0\$aQA 76.9 D3 O993 1980
=100  1\$aÖzsoyoğlu, Zehra Meral,$d1951-
=245  10$aQuery processing in distributed relational databases /$cby Zehra Meral Özsoyoğlu.
=260  \\$c1980
=300  \\$axi, 151 leaves :$bill. ;$c29 cm.
=336  \\$atext$btxt$2rdacontent
=337  \\$aunmediated$bn$2rdamedia
=338  \\$avolume$bnc$2rdacarrier
=500  \\$aSpine title: Query processing in distributed databases.
=500  \\$aIn partial fulfillment of the requirements for the degree of Doctor of Philosophy. Department of Computing Science.
=502  \\$aThesis (Ph.D.)--University of Alberta, 1980.
=504  \\$aIncludes bibliography.
=596  \\$a38
=650  \0$aDistributed databases.
=710  2\$aUniversity of Alberta.$bDept. of Computing Science.
=740  0\$aQuery processing in distributed databases.
=926  \\$aUABARD$bON_SHELF$cQA 76.9 D3 O993 1980$dBOOK$f1

