=LDR  01003cam a2200289 a 4500
=001  1655130
=008  901106s1990\\\\xx\\\\\\\m\\\\\\\\0\eng\c
=020  \\$a0315649852
=035  \\$aocn465745853
=040  \\$beng
=043  \\$an-cn-ab
=055  \3$aLC 3734.2 A3$bB823 1990
=090  \\$aLC 3734.2 A3 B823 1990$bAEUSJ
=100  1\$aBrassard, Vicki.
=245  10$aParents of students in French immersion and English programs :$ba comparative study /$cby Vicki Brassard.
=260  \\$c1990.
=300  \\$a151 f.
=336  \\$atext$btxt$2rdacontent
=337  \\$aunmediated$bn$2rdamedia
=338  \\$avolume$bnc$2rdacarrier
=502  \\$aThèse (M.Ed.)--University of Alberta, 1990.
=533  \\$aPhotocopie.$e28 cm.
=596  \\$a39
=650  \6$aImmersion (Enseignement des langues)$xÉvaluation.
=650  \6$aFrançais (Langue)$xEtude et enseignement$zAlberta$xImmersion$xÉvaluation.
=650  \6$aEnseignement bilingue$zAlberta$xÉvaluation.
=926  \\$aUABSJ$bON_SHELF$cLC 3734.2 A3 B823 1990$dBOOK$f1

