=LDR  00988cam a2200277 a 4500
=001  1655144
=008  930301s1992\\\\xx\\\\\\\m\\\\\\\\0\eng\c
=035  \\$aocn465745858
=040  \\$beng
=043  \\$an-cn-ab
=055  \3$aPC 2068 C2$bB766 1992
=090  \\$aPC 2068 C2 B766 1992$bAEUSJ
=100  1\$aBourassa-Tremblay, Denise,$d1948-
=245  10$aExperiences of grade one French immersion teachers /$cDenise Bourassa-Tremblay.
=260  \\$c1992.
=300  \\$a[ix], 183 f.
=336  \\$atext$btxt$2rdacontent
=337  \\$aunmediated$bn$2rdamedia
=338  \\$avolume$bnc$2rdacarrier
=502  \\$aThèse (M.Ed.)--University of Alberta, 1992.
=533  \\$aPhotocopie.$e28 cm.
=596  \\$a39
=650  \6$aProfesseurs de français$zAlberta$zEdmonton.
=650  \6$aFrançais (Langue)$xÉtude et enseignement$zAlberta$zEdmonton$xImmersion.
=650  \6$aFrançais (Langue)$xÉtude et enseignement (Primaire)$zAlberta$zEdmonton.
=926  \\$aUABSJ$bON_SHELF$cPC 2068 C2 B766 1992$dBOOK$f1

