=LDR  01368cam a2200337 a 4500
=001  1659092
=008  950502s1982\\\\xx\\\\\\\m\\\\\\\\0\eng\d
=035  \\$aocn465747864
=040  \\$beng
=041  \\$aeng$bengfre
=055  \\$aLB 1577 F7$bM27 1982
=090  \\$aLB 1577 F7 M27 1982$bAEUSJ
=100  1\$aMandin, Lucille M.,$d1948-
=245  14$aThe impact of a "read-aloud stories" program on the vocabulary and the reading ability of grade 3 French immersion pupils /$cby Lucille M. Mandin.
=246  18$a"Read-aloud stories" program.
=260  \\$c1982.
=300  \\$a[xvi], 154 f. :$bill. ;$c29 cm.
=336  \\$atext$btxt$2rdacontent
=337  \\$aunmediated$bn$2rdamedia
=338  \\$avolume$bnc$2rdacarrier
=500  \\$aIn partial fulfilment of the requirements for the degree of Master of Education, Department of Elementary Education.
=502  \\$aThèse (M.Ed.) --University of Alberta, 1982.
=596  \\$a39
=650  \6$aFrançais (Langue)$xÉtude et enseignement (Primaire)$xMéthode bilingue.
=650  \6$aVocabulaire.
=650  \6$aLectures et morceaux choisis (Enseignement primaire)
=650  \6$aLecture à haute voix.
=650  \6$aEnseignement bilingue.
=710  2\$aUniversity of Alberta.$bDept. of Elementary Education.
=740  0\$aReading aloud to French immersion students.
=926  \\$aUABSJ$bON_SHELF$cLB 1577 F7 M27 1982$dBOOK$f1

