=LDR  01268cam a2200313 a 4500
=001  1721916
=008  870817s1978\\\\xx\\\\\\bm\\\\\\\\0\eng\d
=035  \\$aocn462043141
=040  \\$aAEU$beng
=055  \3$aQA 137$bB113 1978
=090  0\$aQA 137 B113 1978$bAEU
=100  1\$aBabcock, Gail R.
=245  14$aThe relationship between basal measurement ability and rational number learning at three grade levels$h[microform] /$cby Gail R. Babcock.
=260  \\$c1978.
=300  \\$axviii, 304 leaves ;$c29 cm.
=336  \\$atext$btxt$2rdacontent
=337  \\$amicroform$bh$2rdamedia
=338  \\$avolume$bnc$2rdacarrier
=500  \\$aIn partial fulfilment of the requirements for the degree of Doctor of Philosophy. Department of Secondary Education.
=500  \\$aTitle on spine: Basal measurement/rational number learning.
=500  \\$aAlso available on microfiche.
=502  \\$aThesis (Ph.D.)--University of Alberta, 1978.
=596  \\$a38
=650  \0$aFractions$xStudy and teaching.
=650  \0$aNumbers, Rational$xStudy and teaching.
=650  \0$aMathematical ability$xTesting.
=710  2\$aUniversity of Alberta.$bDept. of Secondary Education.
=740  0\$aBasal measurement/rational number learning.
=926  \\$aUABARD$bON_SHELF$cQA 137 B113 1978$dBOOK$f1

