=LDR  01172cam a2200325 a 4500
=001  1770500
=008  960610s1994\\\\abca\\\\\b\\\\000\0\eng\d
=035  \\$aocm70421962
=040  \\$aAEU$beng
=050  \4$aF3126$b.C74 1994
=090  0\$aF 3126 C74 1994$bAEU
=100  1\$aCastro Gatica, Omar.
=245  10$aNgenechen :$bthe green deity /$cby Omar Castro Gatica.
=246  30$aGreen deity
=260  \\$a[Edmonton? :$bUniversity of Alberta, Dept. of Anthropology?],$c1994.
=300  \\$a2 v. :$bill. ;$c28 cm.
=336  \\$atext$btxt$2rdacontent
=337  \\$aunmediated$bn$2rdamedia
=338  \\$avolume$bnc$2rdacarrier
=500  \\$aAuthor's proof.
=502  \\$aThesis (M.A.) - University of Alberta, Edmonton, 1994.
=504  \\$aIncludes bibliographical references.
=590  \\$aUniversity of Alberta's copy in the Bryan-Gruhn collection.
=596  \\$a38
=650  \0$aMapuche mythology.
=650  \0$aMapuche Indians$xRites and ceremonies.
=650  \0$aMapuche Indians$xReligion.
=710  2\$aUniversity of Alberta.$bDept. of Anthropology.
=926  \\$aUABARD$bON_SHELF$cF 3126 C74 1994 v.1$dBOOK$f1
=926  \\$aUABARD$bON_SHELF$cF 3126 C74 1994 v.2$dBOOK$f1

