=LDR  01292cam a2200301 a 4500
=001  1794092
=008  961002s1991\\\\abc\\\\\\bm\\\\\\\0\eng\d
=035  \\$aocn465762014
=040  \\$beng
=043  \\$an-cn-ab
=090  \\$aFC 3700.5 J85 1991$bAEUSJ
=100  1\$aJulien, Richard Alben,$d1947-
=245  14$aThe French school in Alberta :$ban analysis of an historical and constitutional question /$cby Richard A. C. Julien.
=260  \\$aEdmonton, Alta. :$bUniversity of Alberta, Department of secondary education,$c1991.
=300  \\$a2 v. ([xxv], 611 feuilles) ;$c29 cm.
=336  \\$atext$btxt$2rdacontent
=337  \\$aunmediated$bn$2rdamedia
=338  \\$avolume$bnc$2rdacarrier
=500  \\$aIn partial fulfillment of the requirements for the degree of Doctor of Philosophy, Department of Secondary Education.
=502  \\$aThèse (Ph.D.)--University of Alberta, 1991.
=504  \\$aComprend des réf. bibliogr.: p. 389-403.
=596  \\$a39
=610  26$aAssociation Bugnet.
=650  \6$aÉcoles françaises$zAlberta$xHistoire.
=650  \6$aFrançais (Langue)$zAlberta$xHistoire.
=650  \6$aFrançais (Langue)$xAspect politique$zCanada (Ouest).
=710  2\$aUniversity of Alberta.$bDept. of Secondary Education.
=926  \\$aUABSJ$bSPECIALCOL$cFC 3700.5 J85 1991 v.1$dNO_LOAN$f1

