=LDR  00889cam a2200229 a 4500
=001  1848989
=008  930316s1985\\\\xx\\\\\\\m\\\\\\\\0\eng\d
=035  \\$aocn462313512
=040  \\$aaeu$beng
=090  \\$a85D-036$bAEU
=100  1\$aManz, David H.$q(David Harold)
=245  10$aSystems analysis of irrigation conveyance systems /$cby David H. Manz.
=260  \\$c1985.
=300  \\$axxiv, 462 leaves ;$c29 cm.
=336  \\$atext$btxt$2rdacontent
=337  \\$aunmediated$bn$2rdamedia
=338  \\$avolume$bnc$2rdacarrier
=500  \\$aSubmitted to the Faculty of Graduate Studies and Research in partial fulfilment of the requirements for the degree of Doctor of Philosophy, Department of Civil Engineering.
=502  \\$aThesis (Ph.D.)--University of Alberta, 1985.
=596  \\$a38
=710  2\$aUniversity of Alberta.$bDept. of Civil Engineering.
=926  \\$aUABARD$bON_SHELF$c85D-036$dNO_LOAN$f1

