=LDR  01331cam a2200325 a 4500
=001  1878199
=008  850426s1971\\\\abc\\\\\\\\\\s\\\\0\eng\c
=035  \\$aocm70457613
=040  \\$beng
=043  \\$an-cn-ab
=049  \\$aAEU$beng
=090  \\$aLB 2341.8 C2 J45 1971$bAEMAN
=090  0\$aGOV DOC CA2 AL CC11 71S76$bAEU
=100  1\$aJeffares, David.
=245  10$aStudents' perceptions of their involvement in decision-making processes associated with the governance of two Alberta colleges /$cby David Jeffares.
=260  \\$aEdmonton, Alta. :$b[Alberta Colleges Commission],$c1971.
=300  \\$axiv, 161 leaves :$bill. ;$c28 cm.
=336  \\$atext$btxt$2rdacontent
=337  \\$aunmediated$bn$2rdamedia
=338  \\$avolume$bnc$2rdacarrier
=490  1\$aResearch studies in post secondary education.$vno. 12 [i.e. 13]
=502  \\$aThesis (M.Ed.)--University of Alberta, 1971.
=596  \\$a2 43
=650  \0$aUniversities and colleges$zAlberta$xAdministration.
=650  \0$aStudent participation in administration$zAlberta.
=650  \0$aCommunity colleges$zAlberta$xAdministration.
=710  2\$aAlberta Colleges Commission.
=830  \0$aResearch studies in post secondary education. ;$v13.
=926  \\$aAGL_CAP$bON_SHELF$cLB 2341.8 C2 J45 1971$dBOOK$f1
=926  \\$aUAHSS$bGOV_INFO$cGOV DOC CA2 AL CC11 71S76$dBOOK$f1

