=LDR  01515cam a2200385 a 4500
=001  1886011
=008  821103s1971\\\\abc\\\\\\bm\\s\\\\0\eng\d
=010  \\$z72001864
=016  \\$a770847676
=035  \\$aocm15835111
=040  \\$aCaOONL$beng
=043  \\$an-cn-ab$an-cn-bc
=049  \\$aAEUl$beng
=050  04$aLB2341$b.N48
=090  \\$aLB 2341.8 C2 N53 1971$bAEMAN
=090  0\$aGOV DOC CA2 AL CC11 71C51$bAEU
=100  1\$aNewberry, John Franklin.
=245  12$aA comparative analysis of the organizational structures of selected post-secondary educational institutions /$cby John Franklin Newberry.
=260  \\$aEdmonton :$bAlberta Colleges Commission,$c1971.
=300  \\$ax, 172 leaves ;$c28 cm.
=336  \\$atext$btxt$2rdacontent
=337  \\$aunmediated$bn$2rdamedia
=338  \\$avolume$bnc$2rdacarrier
=490  1\$aResearch studies in post secondary education.$v14
=500  \\$aAt head of title: The University of Alberta.
=502  \\$aThesis (Ph.D.)--University of Alberta, 1971.
=504  \\$aBibliography: p. 129-134.
=596  \\$a2 43
=650  \0$aUniversities and colleges$zAlberta$xAdministration.
=650  \0$aJunior colleges$xAdministration.
=650  \0$aUniversities and colleges$zBritish Columbia$xAdministration.
=830  \0$aResearch studies in post secondary education.$v14
=926  \\$aAGL_CAP$bON_SHELF$cLB 2341.8 C2 N53 1971$dBOOK$f1
=926  \\$aUAHSS$bGOV_INFO$cGOV DOC CA2 AL CC11 71C51$dBOOK$f1
=926  \\$aUAHSS$bGOV_INFO$cGOV DOC CA2 AL CC11 71C51$dBOOK$f2

