=LDR  01077cam a2200277 a 4500
=001  1977071
=008  921211s1986\\\\xx\\\\\\bm\\\\\\\\0\eng\d
=035  \\$aocn462235307
=040  \\$aAEU$beng
=055  \3$aTL 712$bW789 1986
=090  0\$aTL 712 W789 1986$bAEU
=100  1\$aWinther, Neil Robert,$d1950-
=245  14$aThe experience of becoming a pilot$h[microform] :$ban interpretation /$cby Neil Robert Winther.
=260  \\$c1986.
=300  \\$axv, 264 leaves ;$c29 cm.
=336  \\$atext$btxt$2rdacontent
=337  \\$amicroform$bh$2rdamedia
=338  \\$avolume$bnc$2rdacarrier
=500  \\$aIn partial fulfillment of the requirements for the degree of Doctor of Philosophy. Department of Secondary Education.
=500  \\$aAlso available on microfilm.
=502  \\$aThesis (Ph.D.)--University of Alberta, 1986.
=596  \\$a38
=650  \0$aAir pilots$xTraining of$xPsychological aspects.
=710  2\$aUniversity of Alberta.$bDept. of Secondary Education.
=926  \\$aUABARD$bON_SHELF$cTL 712 W789 1986$dBOOK$f1
=926  \\$aUABARD$bON_SHELF$cTL 712 W789 1986$dNO_LOAN$f2

