=LDR  01221cam a2200301 a 4500
=001  1977218
=008  921207s1986\\\\xx\a\\\\bmb\\\\\\\0\eng\d
=035  \\$aocn462236335
=040  \\$aAEU$beng
=055  \3$aQ 181$bG466 1986
=090  0\$aQ 181 G466 1986$bAEU
=100  1\$aGilberstad, Norman Robert,$d1940-
=245  10$aStudent perceptions of their junior high school science experience$h[microform] /$cby Norman Robert Gilberstad.
=246  18$aStudent perceptions of junior high science.
=260  \\$c1986.
=300  \\$axiii, 257 leaves ;$c29 cm.
=336  \\$atext$btxt$2rdacontent
=337  \\$amicroform$bh$2rdamedia
=338  \\$avolume$bnc$2rdacarrier
=500  \\$aIn partial fulfilment of the requirements for the degree of Master of Education. Department of Secondary Education.
=500  \\$aAlso available on microfilm.
=500  \\$aSpine title: Student perceptions of junior high science.
=502  \\$aThesis (M.Ed.)--University of Alberta, 1986.
=596  \\$a38 41
=650  \0$aScience$xStudy and teaching (Secondary)
=710  2\$aUniversity of Alberta.$bDept. of Secondary Education.
=926  \\$aUABARD$bON_SHELF$cQ 181 G466 1986$dNO_LOAN$f1
=926  \\$aUAEDUC$bFLOOR_2$cQ 181 G466 1986$dBOOK$f1

