=LDR  00889cam a2200229 a 4500
=001  2001964
=008  911216s1997\\\\xxc\\\\\\\\\\\\\\\0\eng\d
=035  \\$aocn462451646
=040  \\$aAEU$beng
=090  \\$a97D SIL$bAEU
=100  1\$aSilins, Uldis.
=245  10$aPost-drainage peatland moisture and aeration dynamics /$cby Uldis Silins.
=260  \\$c1997.
=300  \\$a[xv], 146 leaves ;$c28 cm.
=336  \\$atext$btxt$2rdacontent
=337  \\$aunmediated$bn$2rdamedia
=338  \\$avolume$bnc$2rdacarrier
=500  \\$aA thesis submitted to the Faculty of Graduate Studies and Research in partial fulfillment of the requirements for the degree of Doctor of Philosophy, Department of Renewable Resources.
=502  \\$aThesis (Ph.D)--University of Alberta, 1997.
=596  \\$a38
=710  2\$aUniversity of Alberta.$bDept. of Renewable Resources.
=926  \\$aUABARD$bON_SHELF$c97D SIL$dNO_LOAN$f1

