=LDR  01301cam a2200325 a 4500
=001  2031306
=008  921211s1986\\\\onc\\\\\bmb\\\\\\\0\eng\d
=035  \\$aocn462701527
=040  \\$beng$dAEU
=055  \3$aBF 723 I63$bK96 1986
=090  \\$aBF 723 I63 K96 1986$bAEU
=090  \\$a86D-045$bAEU
=100  1\$aKuijt, Jean Davidson,$d1932-
=245  10$aDevelopment and validation of a form-function test of preference for cognitive processing strategies$h[microform] /$cby Jean Davidson Kuijt.
=246  18$aForm-function preference test.
=260  \\$c1986.
=300  \\$axiii, 179 leaves ;$c29 cm.
=336  \\$atext$btxt$2rdacontent
=337  \\$amicroform$bh$2rdamedia
=338  \\$avolume$bnc$2rdacarrier
=500  \\$aIn partial fulfilment of the requirements for the degree of Doctor of Philosophy. Department of Educational Psychology.
=500  \\$aSpine title: A form-function preference test.
=502  \\$aThesis (Ph.D.)--University of Alberta, 1986.
=590  \\$aAlso available on microfiche.
=596  \\$a38
=650  \0$aHuman information processing in children.
=650  \0$aCognition in children.
=710  2\$aUniversity of Alberta.$bDept. of Educational Psychology.
=926  \\$aUABARD$bON_SHELF$c86D-045$dNO_LOAN$f1
=926  \\$aUABARD$bON_SHELF$cBF 723 I63 K96 1986$dBOOK$f1

