=LDR  01397cam a2200325 a 4500
=001  2105207
=008  880126s1973\\\\xx\\\\\\bm\\\\\\\\0\eng\c
=035  \\$aocn462587228
=040  \\$aAEU$beng
=055  \3$aLC 4602$bL778 1973
=090  0\$aLC 4602 L778 1973$bAEU
=100  1\$aLittle, Donald Malcolm.
=245  10$aTeacher behavior and influence in E.M.R. classes$h[microform] :$ban analysis of interaction and communication patterns in classes for the mildly retarded /$cby Donald Malcolm Little.
=246  30$aAnalysis of interaction and communication patterns in classes for the mildly retarded.
=260  \\$c1973.
=300  \\$axvi, 311 leaves :$bill. ;$c29 cm.
=336  \\$atext$btxt$2rdacontent
=337  \\$amicroform$bh$2rdamedia
=338  \\$avolume$bnc$2rdacarrier
=500  \\$aIn partial fulfilment of the requirements for the degree of Doctor of Philosophy. Department of Elementary Education.
=502  \\$aThesis (Ph.D.)--University of Alberta, 1973.
=590  \\$aAlso available on microform.
=596  \\$a38
=650  \0$aTeacher-student relationships.
=650  \0$aChildren with mental disabilities.
=650  \0$aInteraction analysis in education.
=650  \0$aTeachers of children with mental disabilities.
=650  \0$aTeachers$xAttitudes.
=710  2\$aUniversity of Alberta.$bDept. of Elementary Education.
=926  \\$aUABARD$bON_SHELF$cLC 4602 L778 1973$dBOOK$f1

