=LDR  01099cam a2200277 a 4500
=001  2138078
=008  870807s1977\\\\xx\\\\\\bm\\\\\\\\0\eng\c
=035  \\$aocn462812773
=040  \\$aAEU$beng
=043  \\$an-cn-ab
=055  \3$aLB 2891 A3$bR28 1977
=090  0\$aLB 2891 A3 R28 1977$bAEU
=100  1\$aRea, David G.
=245  13$aAn analysis of public attitudes toward actual and preferred sources of educational decision making$h[microform] /$cby David Rea.
=260  \\$c1977.
=300  \\$axi, 100 leaves ;$c29 cm.
=336  \\$atext$btxt$2rdacontent
=337  \\$amicroform$bh$2rdamedia
=338  \\$avolume$bnc$2rdacarrier
=500  \\$aIn partial fulfilment of the requirements for the degree of Master of Education. Department Educational Administration.
=500  \\$aAlso available on microfiche.
=502  \\$aThesis (M.Ed.)--University of Alberta, 1977.
=596  \\$a38
=650  \0$aSchool management and organization$zAlberta$zEdmonton$xDecision making.
=710  2\$aUniversity of Alberta.$bDept. of Educational Administration.
=926  \\$aUABARD$bON_SHELF$cLB 2891 A3 R28 1977$dBOOK$f1

