=LDR  01879cam a2200409 a 4500
=001  2183676
=008  940428s1980\\\\xx\abdf\am\\\\\\\\0deng\d
=020  \\$a0315010762
=035  \\$aocm70485546
=040  \\$aAEU$beng
=043  \\$an-cn-nt
=055  \3$aE 78 N79
=090  \\$aE 78 N79 D996 1980$bAEU
=100  1\$aDyer, Aldrich James.
=245  10$aImages of Inuit and Dene Dramatis Personae portrayed in the journals of expeditions to the Northwest Territories' area prior to 1880$h[microform] /$cby Aldrich James Dyer.
=260  \\$c1980.
=300  \\$axix, 536 leaves :$bill. ;$c29 cm.
=336  \\$atext$btxt$2rdacontent
=337  \\$amicroform$bh$2rdamedia
=338  \\$avolume$bnc$2rdacarrier
=500  \\$aIncludes "List of Expeditions and Related Journals: c1000-1880 ; 1880-1925": p.482-498.
=500  \\$aIn partial fulfilment of the requirements for the degree of Doctor of Philosophy in Education. Department of Educational Foundations.
=500  \\$aTitle on spine: Images: Inuit and Dene: 1000-1880.
=502  \\$aThesis (Ph.D.)--University of Alberta, 1980.
=504  \\$aBibliography: p. 521-536.
=520  \\$aDoctoral thesis.Describes the lives of former inhabitants of the Northwest Territories as portrayed in travellers' diaries before 1880.
=596  \\$a48
=650  \0$aIndians of North America$zNorthwest Territories$xFirst contact with Europeans.
=650  \0$aExplorers$zNorthwest Territories$vDiaries.
=650  \5$aInuit$xFirst contact with Europeans.
=650  \0$aTinne Indians$xFirst contact with Europeans.
=650  \5$aInuit in literature.
=650  \0$aTinne Indians in literature.
=651  \0$aNorthwest Territories$xDiscovery and exploration.
=710  2\$aUniversity of Alberta.$bDept. of Educational Foundations.
=740  0\$aImages: Inuit and Dene: 1000-1880.
=926  \\$aUASCITECH$bPOLAR$cE 78 N79 D996 1980$dBOOK$f1

