=LDR  00864cam a22002651| 4500
=001  2253056
=008  830406s1944\\\\abc\\\\\\\\\\\\\\\0\eng\x
=035  \\$aocn462818452
=040  \\$beng
=049  \\$aAEE$beng
=050  \4$aLA418A4G666 1974
=090  0\$aLA/418/A4G666/1944$bMAIN
=100  1\$aGoresky, Isidore.
=245  14$aThe beginning and growth of the Alberta school system /$cby Isidore Goresky.
=260  \\$aEdmonton :$bFaculty of Education, University of Alberta,$cc1944.
=300  \\$av, 157.
=336  \\$atext$btxt$2rdacontent
=337  \\$aunmediated$bn$2rdamedia
=338  \\$avolume$bnc$2rdacarrier
=502  \\$aThesis - University of Alberta (M.Ed.)
=504  \\$aIncludes bibliographical references.
=596  \\$a2
=690  \4$aSchools$zAlberta$xHistory.
=690  \4$aEducation$zAlberta.
=926  \\$aAGL_CAP$bON_SHELF$cLA 418 A4G666 1944$dBOOK$f1

