=LDR  00981cam a2200229 a 4500
=001  2255519
=008  920615s1998\\\\xx\\\\\\\m\\\\\\\\0\eng\d
=035  \\$aocm70492444
=040  \\$aaeu$beng
=090  \\$a98FD LAMOU$bAEU
=100  1\$aLamoureux, Scott Fraser.
=245  10$aDistinguishing between the geomorphic and hydrometeorological controls recorded in clastic varved sediments /$cby Scott Fraser Lamoureux.
=260  \\$c1998.
=300  \\$a[13], 146 leaves ;$c29 cm.
=336  \\$atext$btxt$2rdacontent
=337  \\$aunmediated$bn$2rdamedia
=338  \\$avolume$bnc$2rdacarrier
=500  \\$aSubmitted to the Faculty of Graduate Studies and Research in partial fulfilment of the requirements for the degree of Doctor of Philosophy, Department of Earth and Atmospheric Sciences.
=502  \\$aThesis (Ph.D.)--University of Alberta, 1998.
=596  \\$a38
=710  2\$aUniversity of Alberta.$bDept. of Earth and Atmospheric Sciences.
=926  \\$aUABARD$bON_SHELF$c98FD LAMOU$dNO_LOAN$f1

