=LDR  01037cam a2200289 a 4500
=001  2265613
=008  850719s1984\\\\abc\\\\\\mb\\\\\\\0\eng\c
=035  \\$aocm70495228
=040  \\$beng
=043  \\$an-cn-ab
=055  \4$aLC 1047.A4
=090  \\$a84F-130$bAEU
=100  1\$aOginsky, Ernest Oliver.
=245  10$aOccupational characteristics, attitudes and opinions of youth five years after completing high school /$cby Ernest Oliver Oginsky.
=260  \\$aEdmonton :$bThe University of Alberta,$c1984.
=300  \\$a204 p. ;$c29 cm.
=336  \\$atext$btxt$2rdacontent
=337  \\$aunmediated$bn$2rdamedia
=338  \\$avolume$bnc$2rdacarrier
=502  \\$aThesis (M. Ed.)--University of Alberta, 1984.
=504  \\$aBibliography: p. 150-155.
=596  \\$a50
=650  \0$aHigh school graduates$zAlberta$xEmployment.
=650  \0$aHigh school graduates$zAlberta$xSocial conditions.
=650  \0$aHigh school graduates$zAlberta.
=650  \0$aVocational education$xPlanning$zAlberta.
=926  \\$aUASPCOLL$bON_SHELF$c84F-130$dNO_LOAN$f1

