=LDR  00997cam a2200265 a 4500
=001  2436899
=008  910527s1991\\\\xx\\\\\\\m\\\\\\\\0\eng\c
=035  \\$aocn465852887
=040  \\$bfre
=055  \3$aQA 141.35$bD415 1991
=090  \\$aQA 141.35 D415 1991$bAEUSJ
=090  0\$a91D-024
=100  1\$ad'Entremont, Yvette M.
=245  14$aThe reconstruction of decimal knowledge in young adults /$cby Yvette M. d'Entremont.
=260  \\$c1991.
=300  \\$a[xiv], 294 feuilles ;$c29 cm.
=336  \\$atext$btxt$2rdacontent
=337  \\$aunmediated$bn$2rdamedia
=338  \\$avolume$bnc$2rdacarrier
=500  \\$a"In partial fulfillment of the requirements for the degree of Doctor of Philosophy, Department of Secondary Education."
=502  \\$aThèse (Ph.D.)--University of Alberta, 1991.
=596  \\$a39
=650  \6$aSystème décimal$xÉtude et enseignement (Secondaire).
=710  2\$aUniversity of Alberta.$bDept. of Secondary Education.
=926  \\$aUABSJ$bON_SHELF$cQA 141.35 D415 1991$dBOOK$f1

