=LDR  01698cam a2200385 a 4500
=001  2488300
=008  880411s1972\\\\abc\\\\\\bm\\\\\\\0\eng\d
=035  \\$aocm15834952
=040  \\$beng
=043  \\$an-cn-ab$an-cn-on
=055  \3$aLB2341.8.C2
=090  \\$aLB 2341.8 C2 M17 1972$bAEMAN
=100  1\$aMaddocks, G. R.$q(George Raymond)
=245  12$aA comparative analysis of approaches to planning development in post-secondary education /$cby George Raymond Maddocks.
=260  \\$aEdmonton, AB :$bAlberta Colleges Commission,$c1972.
=300  \\$ax, 210 leaves :$bill. ;$c29 cm.
=336  \\$atext$btxt$2rdacontent
=337  \\$aunmediated$bn$2rdamedia
=338  \\$avolume$bnc$2rdacarrier
=490  1\$aResearch studies in post secondary education. ;$vno. 23
=500  \\$aIn partial fulfilment of the requirements for the degree of Doctor of Philosophy, Department of Educational Administration.
=502  \\$aThesis (Ph.D.)--University of Alberta, 1972.
=504  \\$aIncludes bibliographical references (p. [196]-202).
=596  \\$a2
=610  20$aCommittee on University Affairs of Ontario.
=610  10$aAlberta.$bUniversities Commission.
=610  20$aAlberta Colleges Commission.
=610  20$aOntario Council of Regents for Colleges of Applied Arts and Technology.
=650  \0$aUniversities and colleges$zCanada$xPlanning.
=650  \0$aHigher education and state$zCanada.
=650  \0$aUniversity cooperation$zCanada.
=650  \0$aEducational planning$zAlberta.
=710  2\$aUniversity of Alberta.$bDept. of Educational Administration.
=830  \0$aResearch studies in post secondary education. ;$vno. 23
=926  \\$aAGL_CAP$bON_SHELF$cLB 2341.8 C2 M17 1972$dBOOK$f1

