=LDR  00883cam a2200241   4500
=001  2516408
=005  19920819153100.0
=008  870109s1985\\\\abc\\\\\\\\\m\\\\\0\eng\c
=035  \\$aocm70602230
=040  \\$aAGPC$beng
=090  0\$aLB/2341/.A44$bGPRC
=100  1\$aAllan, Donna Jane,$d1939-
=245  14$aThe administrative behavior of the Alberta public college president :$ba descriptive study /$cby Donna Jane Allan.
=260  \\$aEdmonton, Alta. :$bDept. of Educational Administration, University of Alberta,$c1985.
=300  \\$a262 p. ;$c28 cm.
=336  \\$atext$btxt$2rdacontent
=337  \\$aunmediated$bn$2rdamedia
=338  \\$avolume$bnc$2rdacarrier
=502  \\$aThesis (Ph.D.)--University of Alberta, 1985.
=596  \\$a28
=650  \0$aCollege presidents$zAlberta.
=650  \0$aUniversities and colleges$xAdministration.
=926  \\$aGPRC_GP$bON_SHELF$cLB 2341 .A44$dBOOK$f1

