=LDR  01003cam a2200277 a 4500
=001  2526272
=005  19930927114300.0
=008  930924s1993\\\\abc\\\\\\\\\\\\\\\0\eng\u
=035  \\$aocm65950452
=040  \\$beng
=090  \\$aQ/181/.R68/1993$bGPRC
=100  1\$aRoscoe, Keith,$d1948-
=245  10$aSTS in the classroom :$ban interpretive study /$cby Keith Roscoe.
=260  \\$a[S.l.] :$bThe Author,$c1993.
=300  \\$a[vi], 245 leaves ;$c29 cm.
=336  \\$atext$btxt$2rdacontent
=337  \\$aunmediated$bn$2rdamedia
=338  \\$avolume$bnc$2rdacarrier
=502  \\$aThesis (Ph.D.) -- University of Alberta, 1993.
=504  \\$aBibliography: leaves 205-220.
=596  \\$a28
=650  \0$aScience$xStudy and teaching (Secondary)$zAlberta.
=650  \0$aTechnology$xStudy and teaching (Secondary)$zAlberta.
=650  \0$aScience$xSocial aspects$xStudy and teaching (Secondary)$zAlberta.
=650  \0$aEducation$xCurricula$zAlberta$xEvaluation.
=926  \\$aGPRC_GP$bON_SHELF$cQ 181 .R68 1993$dBOOK$f1

