=LDR  01259cam a2200337 i 4500
=001  2652015
=003  CaMWOCL
=005  20021121140717.0
=008  780211s1975\\\\abca\\\\\bm\\\000\0\eng\d
=035  \\$aocm03626756
=040  \\$aPMC$beng$cPMC$dAEU
=050  \4$aQA76.9.N38$bC47 1975
=090  \\$aQA 76.9 N38 C47 1975$bAEU
=100  1\$aCercone, Nick.
=245  10$aRepresenting natural language in extended semantic networks /$cby Nick Cercone.
=260  \\$aEdmonton :$bDept. of Computing Science, University of Alberta,$c1975.
=300  \\$axii, 211 leaves :$bill. ;$c28 cm.
=336  \\$atext$btxt$2rdacontent
=337  \\$aunmediated$bn$2rdamedia
=338  \\$avolume$bnc$2rdacarrier
=490  1\$aTechnical report ;$vTR 75-11
=500  \\$a"July 1975"
=502  \\$aThesis--University of Alberta.
=504  \\$aBibliography: leaves 144-155.
=596  \\$a38
=650  \0$aComputational linguistics.
=650  \0$aNatural language processing (Computer science)
=710  2\$aUniversity of Alberta.$bDept. of Computing Science.
=830  \0$aTechnical report (University of Alberta. Department of Computing Science) ;$vTR75-11.
=926  \\$aUABARD$bON_SHELF$cQA 76.9 N38 C47 1975$dBOOK$f1
=926  \\$aUABARD$bON_SHELF$cQA 76.9 N38 C47 1975$dBOOK$f2

