=LDR  01289cam a2200361 a 4500
=001  2661272
=003  CaMWOCL
=005  20021220141328.0
=008  901003s1990\\\\abca\\\\\bm\\\000\0\eng\\
=016  \\$a920003966
=035  \\$aocm25091352
=040  \\$aNLC$beng$cNLC$dOCL$dAEU
=055  00$aQA76$bU5 fol. no. TR 90-23
=055  01$aQA76
=082  1\$a000$212
=090  \\$aQA 76.9 D3 B372 1990$bAEU
=100  1\$aBarker, Ken,$d1959-
=245  10$aTransaction management on multidatabase systems /$cby Kenneth E. Barker.
=260  \\$aEdmonton :$bDept. of Computing Science, University of Alberta,$c1990.
=300  \\$a112 p. :$bill. ;$c28 cm.
=336  \\$atext$btxt$2rdacontent
=337  \\$aunmediated$bn$2rdamedia
=338  \\$avolume$bnc$2rdacarrier
=490  1\$aTechnical report ;$vTR 90-23
=502  \\$aThesis (Ph. D.)--University of Alberta, 1990.
=504  \\$aIncludes bibliographical references.
=596  \\$a38
=650  \0$aDatabase management.
=650  \0$aDatabase design.
=710  2\$aUniversity of Alberta.$bDept. of Computing Science.
=830  \0$aTechnical report (University of Alberta. Department of Computing Science) ;$vTR 90-23.
=926  \\$aUABARD$bON_SHELF$cQA 76.9 D3 B372 1990$dBOOK$f1
=926  \\$aUABARD$bON_SHELF$cQA 76.9 D3 B372 1990$dBOOK$f2

