=LDR  01237cam a2200349 a 4500
=001  2661289
=003  CaMWOCL
=005  20021220141153.0
=008  900918s1990\\\\abc\\\\\\bm\\\000\0\eng\\
=016  \\$a910046662
=035  \\$aocm23691488
=040  \\$aNLC$beng$cNLC$dOCL$dOCLCQ$dAEU
=055  00$aQA76$bU5 fol. no. TR 90-19
=055  01$aQA76
=082  0\$a510$220
=090  \\$aQC 20.7 P3 M45 1990$bAEU
=100  1\$aMeleshko, Ronald John.
=245  12$aA stable algorithm for the computation of Padé approximants /$cby Ronald John Meleshko.
=260  \\$aEdmonton :$bDept. of Computing Science, University of Alberta,$c1990.
=300  \\$ax, 162 p. ;$c28 cm.
=336  \\$atext$btxt$2rdacontent
=337  \\$aunmediated$bn$2rdamedia
=338  \\$avolume$bnc$2rdacarrier
=490  1\$aTechnical report ;$vTR 90-19
=502  \\$aThesis (Ph. D.)--University of Alberta, 1990.
=504  \\$aIncludes bibliographical references.
=596  \\$a38
=650  \0$aPadé approximant.
=650  \0$aAlgorithms.
=710  2\$aUniversity of Alberta.$bDept. of Computing Science.
=830  \0$aTechnical report (University of Alberta. Department of Computing Science) ;$vTR 90-19.
=926  \\$aUABARD$bON_SHELF$cQC 20.7 P3 M45 1990$dBOOK$f1

