=LDR  01435ctm a2200301   4500
=001  2786524
=007  he\amu_\\buuu
=008  \\\\\\s1977\\\\xx\\\\\\bm\\\\\\\\0\eng\d
=035  \\$aocm15819114
=040  \\$aAEU$beng
=090  \\$aE 96.65 N6 B98 1977a$bAEU
=100  1\$aButorac, Anne Vesna.
=245  10$aEducational implications of vernacular language claims as reflected in the Berger inquiry$h[microform] /$cby Anne Vesna Butorac.
=260  \\$c1977.
=300  \\$avii, 95 leaves
=336  \\$atext$btxt$2rdacontent
=337  \\$amicroform$bh$2rdamedia
=338  \\$amicrofiche$bhe$2rdacarrier
=502  \\$aThesis (M.A.)--University of Alberta, 1977.
=504  \\$aBibliography: leaves 80-87.
=520  \\$aInvestigates the origin and nature of linguistic claims by native people of the Mackenzie River Valley, using data from the hearings of the Berger Commission Inquiry.
=533  \\$aMicrofiche.$bOttawa.$cNational Library of Canada.$d1978.$e2 microfiche ; 11 x 15 cm.$f(Canadian theses on microfiche ; 38684)
=596  \\$a43
=610  20$aMackenzie Valley Pipeline Inquiry (Canada)
=650  \0$aEducation, Bilingual$zNorthwest Territories$zMackenzie River Valley Region.
=650  \0$aIndians of North America$zNorthwest Territories$zMackenzie River Valley Region$zEducation.
=710  2\$aUniversity of Alberta.$bDept. of Educational Foundations.
=926  \\$aUAHSS$bMICROFICHE$cE 96.65 N6 B98 1977a (2 fiche)$dMICROFORM$f1

