=LDR  01798cam a2200409 a 4500
=001  3040791
=003  CaMWOCL
=005  20021108131158.0
=008  021031s2002\\\\xx\\\\\\\bm\\\000\0\eng\d
=020  \\$a0612696758
=035  \\$aocm65978366
=040  \\$aAEHE$beng
=055  \4$aR 859.2*
=090  \\$aR 859.2 A4 T56 2002$bAEHE
=100  1\$aThornley, Richard Peter.
=245  10$aGrowing bamboo :$ba case study of Alberta We//net /$cby Richard Peter Thornley.
=246  10$aGrowing bamboo :$ba case study of Alberta Wellnet
=260  \\$c[2002]
=300  \\$a1 v.
=336  \\$atext$btxt$2rdacontent
=337  \\$aunmediated$bn$2rdamedia
=338  \\$avolume$bnc$2rdacarrier
=500  \\$aA thesis submitted to the Faculty of Graduate Studies and Research in partial fulfillment of the requirements for the degree of Master of Public Health, Department of Public Health Sciences.
=502  \\$aThesis (M.P.H.)--University of Alberta, 2002.
=504  \\$aIncludes bibliographical references.
=533  \\$aPhotocopy.$bAnn Arbor, Mich :$cUMI Dissertation Services,$d2002.$e[15], 141 p. ; 28 cm.
=596  \\$a2
=610  20$aAlberta Wellnet$vCase studies.
=650  \0$aMedical informatics$xPolitical aspects$zAlberta$vCase studies.
=650  \0$aMedical informatics$xSocial aspects$zAlberta$vCase studies.
=650  \0$aMedical records$zAlberta$xData processing$vCase studies.
=650  \0$aInformation storage and retrieval systems$xMedical care$zAlberta$vCase studies.
=650  \0$aInformation storage and retrieval systems$xPharmacy$vCase studies.
=650  \0$aTelecommunication in medicine$zAlberta$vCase studies.
=710  2\$aUniversity of Alberta.$bDept. of Public Health Sciences.
=710  2\$aAlberta Wellnet.
=926  \\$aAGL_CAP$bON_SHELF$cR 859.2 A4 T56 2002$dBOOK$f1

