=LDR  01381cam a2200301   4500
=001  3073793
=008  041008s1991\\\\abc\\\\\\m\\\\000\0\eng\d
=040  \\$aAVC$beng$dAVC
=043  \\$an-cn-ab
=050  00$aLB 2341.93 .A37$bK593 1991
=090  \\$aLB 2341.93 .C2 K593 1991$bAVC
=100  1\$aKnapp, John Lewis,$d1948-
=245  10$aInstitutional planning in Alberta's public colleges :$ba quantitative and qualitative assessment /$cby John Lewis Knapp.
=260  \\$aEdmonton, Alta. :$bUniversity of Alberta. Dept. of Educational Administration,$c1991.
=300  \\$a[xxv], 307 leaves :$bill. ;$c29 cm.
=336  \\$atext$btxt$2rdacontent
=337  \\$aunmediated$bn$2rdamedia
=338  \\$avolume$bnc$2rdacarrier
=500  \\$a"Thesis submitted to Faculty of Graduate Studies and Research in partial fulfilment of the requirements for the degree of Doctor of Philosophy."
=502  \\$aThesis (Ph. D.) -- University of Alberta, 1991.
=504  \\$aIncludes bibliographic references (leaves 244-267).
=596  \\$a53
=650  \0$aUniversities and colleges$zAlberta$xPlanning.
=650  \0$aCommunity colleges$zAlberta$xPlanning.
=650  \0$aTechnical institutes$zAlberta$xPlanning.
=650  \0$aEducation, Higher$zAlberta$xPlanning.
=710  2\$aUniversity of Alberta.$bDept. of Educational Administration.
=926  \\$aLAKELND_VR$bON_SHELF$cLB 2341.93 .C2 K593 1991$dBOOK$f1

