=LDR  01488ctm a2200361 a 4500
=001  3986587
=003  LTSCA
=005  20070926202350.0
=008  070926s2007\\\\xx\\\\\\\bm\\\000\0\fre\d
=035  \\$aocn173325246
=040  \\$aAEU$beng$cAEU
=049  \\$aUABA
=090  \\$a07 DRO$bAEU
=100  1\$aDrouin, Marie-Andrée.
=245  13$aLe point sur les pratiques en didactique du français langue seconde en Alberta /$cpar Marie-Andrée Drouin.
=260  \\$c2007.
=300  \\$a[13], 166 leaves.
=336  \\$atext$btxt$2rdacontent
=337  \\$aunmediated$bn$2rdamedia
=338  \\$avolume$bnc$2rdacarrier
=500  \\$a"University of Alberta ... Mémoire présenté à la Faculty of Graduate Studies and Research en vue de l'obtention du diplôme de Maîtrise en sciences de l'éducation en Études en langue et culture, Faculté Saint-Jean, Edmonton, Alberta, Printemps 2007."
=502  \\$aThesis (M.Ed.)--University of Alberta, 2007.
=504  \\$aIncludes bibliographical references.
=546  \\$aIncludes English abstract.
=596  \\$a38
=650  \0$aFrench language$xStudy and teaching$zAlberta$vCase studies.
=650  \0$aFrench language$xStudy and teaching$xMethodology$vCase studies.
=650  \0$aFrench language$xStudy and teaching$xEnglish speakers$vCase studies.
=710  2\$aUniversity of Alberta.$bFaculté Saint-Jean.
=949  \\$hUASP-B$i0162023932443
=994  \\$aC0$bUAB
=936  \\$aPR 165246528
=926  \\$aUABARD$bON_SHELF$c07 DRO$dNO_LOAN$f1

