=LDR  01308ctm a2200337 a 4500
=001  3991193
=003  LTSCA
=005  20071016111445.0
=008  071016s1967\\\\xx\a\\\\\bm\\\000\0\eng\d
=035  \\$aocn174256985
=040  \\$aAEU$beng$cAEU
=049  \\$aUABA
=050  \4$aTP156.D5$bS89 1967b
=090  \\$aTP 156 D5 S89 1967b$bAEU
=100  1\$aSvrcek, William Y.
=245  10$aDynamic response of a binary distillation column /$cby William Y. Svrcek.
=260  \\$c1967.
=300  \\$a2 v. :$bill. ;$c28 cm.
=336  \\$atext$btxt$2rdacontent
=337  \\$aunmediated$bn$2rdamedia
=338  \\$avolume$bnc$2rdacarrier
=500  \\$aA thesis submitted to the Faculty of Graduate Studies and Research in partial fulfillment of the requirements for the degree of Doctor of Philosophy in Chemical Engineering, Dept. of Chemical and Petroleum Engineering, University of Alberta.
=502  \\$aThesis (Ph.D.)--University of Alberta, 1967.
=504  \\$aIncludes bibliographical references.
=596  \\$a38
=650  \0$aDistillation.
=710  2\$aUniversity of Alberta.$bDept. of Chemical and Petroleum Engineering.
=949  \\$hUABA-B$i0162023772104
=994  \\$aC0$bUAB
=926  \\$aUABARD$bON_SHELF$cTP 156 D5 S89 1967b v.1$dBOOK$f1
=926  \\$aUABARD$bON_SHELF$cTP 156 D5 S89 1967b v.2$dBOOK$f1

