=LDR  01157cam a2200313 a 4500
=001  4034118
=003  LTSCA
=005  20071211101815.0
=008  071116s2007\\\\xx\\\\\\\bm\\\000\0\eng\d
=035  \\$aocn141289921
=040  \\$aAEU$beng$cAEU
=049  \\$aUABA
=090  \\$a07D BES$bAEU
=100  1\$aBeschell, Agatha.
=245  14$aThe counselling experiences of formerly suicidal adolescents /$cby Agatha Beschell.
=260  \\$c2007.
=300  \\$a[9], 182 leaves. ;$c28 cm.
=336  \\$atext$btxt$2rdacontent
=337  \\$aunmediated$bn$2rdamedia
=338  \\$avolume$bnc$2rdacarrier
=500  \\$aA thesis submitted to the Faculty of Graduate Studies and Research in partial fulfillment of the requirements for the degree of Doctor of Philosophy in Counselling Psychology, Dept. of Educational Psychology, University of Alberta.
=502  \\$aThesis of (Ph.D.)--University of Alberta, 2007.
=504  \\$aIncludes of bibliographical references.
=596  \\$a38
=650  \0$aTeenagers$xSuicidal behavior.
=650  \0$aSuicide$xPrevention.
=949  \\$hUASP-B$i0162023452459
=994  \\$aC0$bUAB
=926  \\$aUABARD$bON_SHELF$c07D BES$dNO_LOAN$f1

