=LDR  01665ctm a2200421 a 4500
=001  4128643
=003  LTSCA
=005  20080418160506.0
=008  080201s2007\\\\xxc\\\\\\bm\\\000\0\eng\d
=035  \\$aocn225636889
=040  \\$aAEU$beng$cAEU
=049  \\$aUABA
=050  \4$aJL27$b.A77 2007
=090  \\$a07F ARS$bAEU
=100  1\$aArsenault, David Robert.
=245  10$aBâtir la confiance pour bâtir la nation :$bla confiance, le fédéralisme asymétrique et les ententes intergouvernementales /$cby David Robert Arsenault.
=260  \\$c[2007]
=300  \\$a[8], 132 leaves ;$c29 cm.
=336  \\$atext$btxt$2rdacontent
=337  \\$aunmediated$bn$2rdamedia
=338  \\$avolume$bnc$2rdacarrier
=500  \\$aA thesis submitted to the Faculty of Graduate Studies and Research in partial fulfillment of requirements for the degree of Master of Arts, Faculté Saint-Jean, University of Alberta.
=500  \\$aFall 2007.
=502  \\$aThesis (M.A.)--University of Alberta, 2007.
=504  \\$aIncludes bibliographical references.
=596  \\$a38
=610  10$aCanada.$tCanada-Québec Accord relating to immigration and temporary admission of aliens.
=650  \0$aTrust$xPolitical aspects.
=650  \0$aFederal government$zCanada.
=650  \0$aMinorities$xPolitical aspects.
=650  \0$aConstitutional history$zCanada.
=650  \0$aInternational relations.
=651  \0$aQuébec (Province)$xRelations.
=651  \0$aCanada$xEmigration and immigration$xGovernment policy.
=710  2\$aUniversity of Alberta.$bFaculté Saint-Jean.
=949  \\$hUASP-B$i0162024096693
=994  \\$aC0$bUAB
=926  \\$aUABARD$bON_SHELF$c07F ARS$dNO_LOAN$f1

