=LDR  01307ctm a2200337 a 4500
=001  4265463
=003  LTSCA
=005  20090105131428.0
=008  930316s1999\\\\onca\\\\\bm\\\000\0\eng\d
=035  \\$aocm65941565
=040  \\$beng$dAEU
=049  \\$aUABA
=050  \4$aTA783$b.Z49 1999
=090  \\$aTA 783 Z49 1999$bAEU
=100  1\$aZhang, Diane Jia Ying.
=245  10$aPredicting capacity of helical screw piles in Alberta soils /$cby Diane Jia Ying Zhang.
=260  \\$c1999.
=300  \\$a[31], 304 p. :$bill. ;$c29 cm.
=336  \\$atext$btxt$2rdacontent
=337  \\$aunmediated$bn$2rdamedia
=338  \\$avolume$bnc$2rdacarrier
=500  \\$aA thesis submitted to the Faculty of Graduate Studies and Research in partial fulfillment of the requirements for the degree of Master of Science in Geotechnical Engineering, Dept. of Civil and Environmental Engineering.
=502  \\$aThesis (M.Sc.)--University of Alberta, 1999.
=504  \\$aIncludes bibliographical references (p. 272-273).
=596  \\$a48
=650  \0$aPiling (Civil engineering)
=650  \0$aSoils$zAlberta.
=710  2\$aUniversity of Alberta.$bDept. of Civil and Environmental Engineering.
=949  \\$aTA 783 Z49 1999$c1$hUASC-B$i0162027018959
=994  \\$aC0$bUAB
=926  \\$aUASCITECH$bON_SHELF$cTA 783 Z49 1999$dBOOK$f1

