=LDR  01350cam a2200373 a 4500
=001  4374175
=003  LTSCA
=005  20090511142758.0
=008  900927s1988\\\\xx\\\\\\\bm\\\000\0\eng\d
=035  \\$aocn304137452
=040  \\$beng$dAEU
=049  \\$aUABA
=050  \4$aTA805$b.N44 1988b
=090  \\$a88D-053$bAEU
=090  \\$aTA 805 N44 1988b$bAEU
=100  1\$aNegro, Arsenio,$cJr.,$d1950-
=245  10$aDesign of shallow tunnels in soft ground /$cby Arsenio Negro Jr.
=260  \\$c1988.
=300  \\$a2 v, ;$c29 cm.
=336  \\$atext$btxt$2rdacontent
=337  \\$aunmediated$bn$2rdamedia
=338  \\$avolume$bnc$2rdacarrier
=500  \\$aSubmitted to the Faculty of Graduate Studies and Research in partial fulfilment of the requirements for the degree of Doctor of Philosophy, Department of Civil Engineering.
=502  \\$aThesis (Ph.D)--University of Alberta, 1988.
=504  \\$aIncludes bibliographical references.
=596  \\$a38
=650  \0$aTunnels$xDesign and construction.
=650  \0$aTunnel lining.
=710  2\$aUniversity of Alberta.$bDept. of Civil Engineering.
=949  \\$aTA 805 N44 1988b$c1$hUABA-B$i0162024979526
=994  \\$aC0$bUAB
=926  \\$aUABARD$bON_SHELF$c88D-053 v.1$dNO_LOAN$f1
=926  \\$aUABARD$bON_SHELF$c88D-053 v.2$dNO_LOAN$f1
=926  \\$aUABARD$bON_SHELF$cTA 805 N44 1988 v.1$dBOOK$f1

