=LDR  01559cam a2200385 a 4500
=001  4419267
=003  LTSCA
=005  20090731222404.0
=006  m\\\\\\\\d\\\\\\\\
=007  cr\unu---unuuu
=008  090731s2009\\\\abc\\\\\sbm\\\000\0\eng\d
=040  \\$aAEU$beng$cAEU$dAECCI
=049  \\$aUABA
=090  \\$aRC 280 B6 T44 2009$bAECCI
=100  1\$aToman, Inka.
=245  10$aSilencing immunoglobulin gene enhancers as a potential treatment strategy for multiple myeloma$h[electronic resource] /$cby Inka Toman.
=246  18$aSilencing IG enhancers in multiple myeloma
=260  \\$a[Edmonton, AB] :$b[University of Alberta],$c2009.
=300  \\$a[15], 158 p. :$bill. (some col.) ;$c28 cm.
=336  \\$atext$btxt$2rdacontent
=337  \\$acomputer$bc$2rdamedia
=338  \\$aonline resource$bcr$2rdacarrier
=500  \\$aA thesis submitted to the Faculty of Graduate Studies and Research in partial fulfillment of the requirements for the degree of Master of Science in Experimental Oncology, Department of Oncology.
=502  \\$aThesis (M.Sc.)--University of Alberta, Fall 2009.
=504  \\$aIncludes bibliographical references.
=530  \\$aAlso available online.
=596  \\$a22
=650  \0$aMultiple myeloma$xTreatment.
=650  \0$aB cells.
=650  \0$aTranscription factors.
=650  \0$aImmunoglobulin genes.
=650  \0$aTranslocation (Genetics)
=710  2\$aUniversity of Alberta.$bDept. of Oncology.
=856  40$3Free Access$uhttp://hdl.handle.net/10048/445
=926  \\$aAHS_CROSS$bREFERENCE$cRC 280 B6 T44 2009$dNO_LOAN$f1

