=LDR  02172ctm a2200517 a 4500
=001  4463232
=003  LTSCA
=005  20100218193346.0
=008  060606s2005\\\\xx\\\\\\rbm\\\000\0\fre\d
=020  \\$a9780494090756
=020  \\$a0494090758
=035  \\$aocn520032014
=040  \\$aAEUSJ$bfre$cAEUSJ
=049  \\$aUABA
=050  \4$aGV706.34$b.V55 2005
=090  \\$aGV 706.34 V55 2005$bAEUSJ
=100  1\$aVillemure, Marie-Claude.
=245  13$aLe héros sportif en tant que symbole identitaire :$bla presse, Éric Gagné et les deux nationalismes au Canada /$cpar Marie-Claude Villemure.
=260  \\$c2005.
=300  \\$a[12], 99 f. :$bill. ;$c28 cm.
=336  \\$atext$btxt$2rdacontent
=337  \\$aunmediated$bn$2rdamedia
=338  \\$avolume$bnc$2rdacarrier
=500  \\$a"Mémoire de maîtrise présenté à la Faculty of Graduate Studies and Research en vue de l'obtention du diplôme de Maîtrise en arts en études canadiennes. Faculté Saint-Jean."
=502  \\$aThèse (M.A.)--University of Alberta, 2005.
=504  \\$aComprend des réf. bibliogr.
=533  \\$aPhotocopie.$bAnn Arbor, Mich. :$cUMI Dissertation Services,$d[2005?].$e99 p. : ill. ; 28 cm.$nTitre de la couv.
=546  \\$aRésumé en anglais et français.
=596  \\$a39
=600  16$aGagné, Eric,$d1976-, dans les médias.
=650  \6$aNationalisme et sports$zCanada.
=650  \6$aNationalisme et sports$zQuébec (Province)
=650  \6$aSports$zCanada$xAspect sociologique.
=650  \6$aSports$zQuébec (Province)$xAspect sociologique.
=650  \6$aNationalisme dans la presse$zCanada.
=650  \6$aNationalisme dans la presse$zQuébec (Province)
=650  \6$aNationalisme$zCanada.
=650  \6$aNationalisme$zQuébec (Province)
=650  \6$aJoueurs de base-ball$zCanada.
=650  \6$aJoueurs de base-ball$zQuébec (Province)
=651  \6$aCanada$xRelations entre anglophones et francophones.
=710  2\$aUniversity of Alberta.$bCampus Saint-Jean.$bCentre d'études canadiennes.
=949  \\$aGV 706.34 V55 2005$c1$hUABS-B$i0162027675634
=994  \\$aC0$bUAB
=936  \\$aPR 69959195
=926  \\$aUABSJ$bON_SHELF$cGV 706.34 V55 2005$dBOOK$f1

