=LDR  01545ctm a2200385 a 4500
=001  4764588
=003  LTSCA
=005  20100929133207.0
=006  m\\\\\\\\d\\\\\\\\
=007  cr\unu---unuuu
=008  100929s2010\\\\xx\\\\\\sbm\\\000\0\eng\d
=035  \\$aocn665816410
=040  \\$aAEU$cAEU
=049  \\$aUABA
=090  \\$aInternet Access$bAEU
=100  1\$aMetzner, Janine May.
=245  10$a(Under)mining the canon$h[electronic resource] :$bengaging Alberta high school students in the value(s) of literature /$cby Janine May Metzner.
=246  3\$aUndermining the canon
=260  \\$c2010.
=336  \\$atext$btxt$2rdacontent
=337  \\$acomputer$bc$2rdamedia
=338  \\$aonline resource$bcr$2rdacarrier
=500  \\$aA thesis submitted to the Faculty of Graduate Studies and Research in partial fulfillment of the requirements for the degree of Master of Arts Comparative Literature, University of Alberta.
=500  \\$aTitle from pdf file main screen (viewed on September 27, 2010).
=502  \\$aThesis (M.A.)--University of Alberta, 2010.
=504  \\$aIncludes bibliographical references.
=538  \\$aMode of access: Internet.
=596  \\$a44
=650  \0$aEnglish literature$xStudy and teaching (Secondary)$zAlberta.
=650  \0$aNew Criticism.
=710  2\$aUniversity of Alberta.$bDept. of Comparative Literature.
=856  40$3Free Access$uhttp://hdl.handle.net/10048/1455
=949  \\$aInternet Access$c1$hUAIN-B$zETHESIS
=994  \\$aC0$bUAB
=926  \\$aUAINTERNET$bINTERNET$cInternet Access$dE-RESOURCE$f1

