=LDR  01525ctm a2200373 a 4500
=001  4838238
=003  LTSCA
=005  20101027151519.0
=006  m\\\\\\\\d\\\\\\\\
=007  cr\unu---unuuu
=008  101027s2010\\\\xx\\\\\\sbm\\\000\0\eng\d
=035  \\$aocn672030314
=040  \\$aAEU$cAEU
=049  \\$aUABA
=090  \\$aInternet Access$bAEU
=100  1\$aYang, Xuejiao.
=245  10$aInitial adhesion of EPS producing bacteria Burkholderia cepacia$h[electronic resource] :$bthe impact of cranberry juice /$cby Xuejiao Yang.
=260  \\$c2010.
=336  \\$atext$btxt$2rdacontent
=337  \\$acomputer$bc$2rdamedia
=338  \\$aonline resource$bcr$2rdacarrier
=500  \\$aTitle from PDF file main screen (viewed on Oct. 27, 2010).
=500  \\$aA thesis submitted to the Faculty of Graduate Studies and Research in partial fulfillment of the requirements for the degree of Master of Science in Environmental Engineering, [Department of] Civil and Environmental Engineering, University of Alberta.
=502  \\$aThesis (M.Sc.)--University of Alberta, 2010.
=504  \\$aIncludes bibliographical references.
=538  \\$aMode of access: Internet.
=596  \\$a44
=650  \0$aBacteria$xAdhesion.
=650  \0$aCranberries.
=710  2\$aUniversity of Alberta.$bDept. of Civil and Environmental Engineering.
=856  40$3Free Access$uhttp://hdl.handle.net/10048/1354
=949  \\$aInternet Access$c1$hUAIN-B$zETHESIS
=994  \\$aC0$bUAB
=926  \\$aUAINTERNET$bINTERNET$cInternet Access$dE-RESOURCE$f1

