=LDR  01556ctm a2200373 a 4500
=001  4838239
=003  LTSCA
=005  20101027151418.0
=006  m\\\\\\\\d\\\\\\\\
=007  cr\unu---unuuu
=008  101027s2010\\\\xx\\\\\\sbm\\\000\0\eng\d
=035  \\$aocn672029436
=040  \\$aAEU$cAEU
=049  \\$aUABA
=090  \\$aInternet Access$bAEU
=100  1\$aGodwal, Yogesh.
=245  10$aLaser ablation laser induced fluorescence for sensitive detection of heavy metals in water$h[electronic resource] /$cby Yogesh Godwal.
=260  \\$c2010.
=336  \\$atext$btxt$2rdacontent
=337  \\$acomputer$bc$2rdamedia
=338  \\$aonline resource$bcr$2rdacarrier
=500  \\$aTitle from PDF file main screen (viewed on Oct. 27, 2010).
=500  \\$aA thesis submitted to the Faculty of Graduate Studies and Research in partial fulfillment of the requirements for the degree of Doctor of Philosophy in Photonics and Plasmas, [Department of] Electrical and Computer Engineering, University of Alberta.
=502  \\$aThesis (Ph.D.)--University of Alberta, 2010.
=504  \\$aIncludes bibliographical references.
=538  \\$aMode of access: Internet.
=596  \\$a44
=650  \0$aLaser-induced breakdown spectroscopy.
=650  \0$aWater$xPollution$xMeasurement.
=710  2\$aUniversity of Alberta.$bDept. of Electrical and Computer Engineering.
=856  40$3Free Access$uhttp://hdl.handle.net/10048/1353
=949  \\$aInternet Access$c1$hUAIN-B$zETHESIS
=994  \\$aC0$bUAB
=926  \\$aUAINTERNET$bINTERNET$cInternet Access$dE-RESOURCE$f1

