=LDR  01502ctm a2200373 a 4500
=001  4838241
=003  LTSCA
=005  20101027150957.0
=006  m\\\\\\\\d\\\\\\\\
=007  cr\unu---unuuu
=008  101027s2010\\\\xx\\\\\\sbm\\\000\0\eng\d
=035  \\$aocn672029412
=040  \\$aAEU$cAEU
=049  \\$aUABA
=090  \\$aInternet Access$bAEU
=100  1\$aShenoy, Arjun Vsiwanath.
=245  10$aUnconstrained nonlinear state estimation for chemical processes$h[electronic resource] /$cby Arjun V Shenoy.
=260  \\$c2010.
=336  \\$atext$btxt$2rdacontent
=337  \\$acomputer$bc$2rdamedia
=338  \\$aonline resource$bcr$2rdacarrier
=500  \\$aTitle from PDF file main screen (viewed on Oct. 26, 2010).
=500  \\$aA thesis submitted to the Faculty of Graduate Studies and Research in partial fulfillment of the requirements for the degree of Master of Science in Process Control, Department of Chemical and Materials Engineering, University of Alberta.
=502  \\$aThesis (M.Sc.)--University of Alberta, 2010.
=504  \\$aIncludes bibliographical references.
=538  \\$aMode of access: Internet.
=596  \\$a44
=650  \0$aEstimation theory.
=650  \0$aChemical process control.
=710  2\$aUniversity of Alberta.$bDept. of Chemical and Materials Engineering.
=856  40$3Free Access$uhttp://hdl.handle.net/10048/1350
=949  \\$aInternet Access$c1$hUAIN-B$zETHESIS
=994  \\$aC0$bUAB
=926  \\$aUAINTERNET$bINTERNET$cInternet Access$dE-RESOURCE$f1

