=LDR  01469ctm a2200373 a 4500
=001  4838953
=003  LTSCA
=005  20101028154430.0
=006  m\\\\\\\\d\\\\\\\\
=007  cr\unu---unuuu
=008  101028s2010\\\\xx\\\\\\sbm\\\000\0\eng\d
=035  \\$aocn672472806
=040  \\$aAEU$cAEU
=049  \\$aUABA
=090  \\$aInternet Access$bAEU
=100  1\$aChen, Xian.
=245  12$aA service quality based evaluation model for SaaS systems$h[electronic resource] /$cby Xian Chen.
=260  \\$c2010.
=336  \\$atext$btxt$2rdacontent
=337  \\$acomputer$bc$2rdamedia
=338  \\$aonline resource$bcr$2rdacarrier
=500  \\$aTitle from PDF file main screen (viewed on Oct. 28, 2010).
=500  \\$aA thesis submitted to the Faculty of Graduate Studies and Research in partial fulfillment of the requirements for the degree of Doctor of Philosophy, Department of Computing Science, University of Alberta.
=502  \\$aThesis (Ph.D.)--University of Alberta, 2010.
=504  \\$aIncludes bibliographical references.
=538  \\$aMode of access: Internet.
=596  \\$a44
=650  \0$aElectronic data processing$xDistributed processing$xEvaluation.
=650  \0$aApplication software.
=710  2\$aUniversity of Alberta.$bDept. of Computing Science.
=856  40$3Free Access$uhttp://hdl.handle.net/10048/1357
=949  \\$aInternet Access$c1$hUAIN-B$zETHESIS
=994  \\$aC0$bUAB
=926  \\$aUAINTERNET$bINTERNET$cInternet Access$dE-RESOURCE$f1

