=LDR  01505ctm a2200373 a 4500
=001  4838955
=003  LTSCA
=005  20101028153704.0
=006  m\\\\\\\\d\\\\\\\\
=007  cr\unu---unuuu
=008  101028s2010\\\\xx\\\\\\sbm\\\000\0\eng\d
=035  \\$aocn672465695
=040  \\$aAEU$cAEU
=049  \\$aUABA
=090  \\$aInternet Access$bAEU
=100  1\$aPan, Lei.
=245  10$aExperiment and modeling of passively Q-switched ytterbium doped double-clad fiber lasers$h[electronic resource] /$cby Lei Pan.
=260  \\$c2010.
=336  \\$atext$btxt$2rdacontent
=337  \\$acomputer$bc$2rdamedia
=338  \\$aonline resource$bcr$2rdacarrier
=500  \\$aTitle from PDF file main screen (viewed on Oct. 28, 2010).
=500  \\$aA thesis submitted to the Faculty of Graduate Studies and Research in partial fulfillment of the requirements for the degree of Doctor of Philosophy in Photonics and Plasmas, Department of Electrical & Computer Engineering, University of Alberta.
=502  \\$aThesis (Ph.D.)--University of Alberta, 2010.
=504  \\$aIncludes bibliographical references.
=538  \\$aMode of access: Internet.
=596  \\$a44
=650  \0$aSolid-state lasers.
=650  \0$aOptical fibers.
=710  2\$aUniversity of Alberta.$bDept. of Electrical and Computer Engineering.
=856  40$3Free Access$uhttp://hdl.handle.net/10048/1360
=949  \\$aInternet Access$c1$hUAIN-B$zETHESIS
=994  \\$aC0$bUAB
=926  \\$aUAINTERNET$bINTERNET$cInternet Access$dE-RESOURCE$f1

