=LDR  01754ctm a2200421 a 4500
=001  5259364
=003  LTSCA
=005  20090501204600.0
=008  840831s2007\\\\xx\\\\\\\bm\\\000\0\eng\d
=020  \\$a9780494330869
=035  \\$aocn426466245
=040  \\$aAEU$cAEU
=049  \\$aUABA
=050  \4$aBD236$b.V64 2007
=090  \\$aBD236 .V64 2007$bAEGMCT
=090  \\$aInternet Access$bAEGMCT
=100  1\$aVogels, Peter W.,$eauthor.
=245  10$aEcological identity /$cby Peter W. Vogels.
=260  \\$a[Ottawa :$bLibrary and Archives Canada, Published Heritage Branch,$c2007]
=300  \\$a[8], 365 leaves ;$c28 cm.
=336  \\$atext$btxt$2rdacontent
=337  \\$aunmediated$bn$2rdamedia
=338  \\$avolume$bnc$2rdacarrier
=500  \\$aA thesis submitted to the Faculty of Graduate Studies and Research in partial fulfillment of the requirements for the degree of Doctor of Philosophy, Dept. of Secondary Education, University of Alberta.
=502  \\$aThesis (Ph. D.)--University of Alberta, 2007.
=504  \\$aIncludes bibliographical references (leaves 349-362).
=530  \\$aAlso available online. Access restricted to authorized users and institutions.
=596  \\$a29 57
=650  \0$aIdentity (Philosophical concept)
=650  \0$aHuman ecology.
=690  \\$aMacEwan scholarly and creative works.$5CaAEGMCT
=710  2\$aUniversity of Alberta.$bDept. of Secondary Education.
=856  41$3MacEwan University Access$uhttp://www.library.macewan.ca/eBooks/NR33086.pdf
=948  \\$a12/08/2008$b05/01/2009$zSirsi
=994  \\$aC0$bUAB
=926  \\$aGR_MACEWAN$bON_SHELF$cBD236 .V64 2007$dBOOK$f1
=926  \\$aGR_MACEWAN$bON_SHELF$cBD236 .V64 2007$dBOOK$f1
=926  \\$aGR_MAC_INT$bINTERNET$cInternet Access$dE-RESOURCE$f1

