=LDR  01434ctm a2200349 a 4500
=001  5275010
=003  LTSCA
=005  20100226150000.0
=008  060129s2005\\\\abc\\\\\\bm\\\000\0\eng\d
=035  \\$aocn605570191
=040  \\$aAEU$beng$cAEU
=049  \\$aUABA
=090  \\$aR733 .D43 2005$bAEGMCT
=100  1\$aDechant, Kristianne.
=245  10$aLinking fitness and holistic medicine :$busing growth models to correlate adult Canadians' individual physical activity and use of holistic medicine /$cby Kristianne Dechant.
=260  \\$aEdmonton :$bUniversity of Alberta,$c2005.
=300  \\$a96 p. ;$c28 cm.
=336  \\$atext$btxt$2rdacontent
=337  \\$aunmediated$bn$2rdamedia
=338  \\$avolume$bnc$2rdacarrier
=500  \\$aA thesis submitted to the Faculty of Graduate Studies and Research in partial fulfillment of the requirements for the degree of Master of Arts, Department of Sociology.
=502  \\$aThesis (M.A.)--University of Alberta, 2005.
=504  \\$aIncludes bibliographical references.
=596  \\$a29
=650  \0$aHolistic medicine$zCanada.
=650  \0$aPhysical fitness$zCanada.
=650  \0$aCanadians$xHealth and hygiene$vLongitudinal studies.
=650  \0$aRecreation$xHealth aspects.
=650  \0$aMedical care$xUtilization$zCanada.
=710  2\$aUniversity of Alberta.$bDept. of Sociology.
=948  \\$a02/12/2010$b02/26/2010$zSirsi
=926  \\$aGR_MACEWAN$bON_SHELF$cR733 .D43 2005$dBOOK$f1

