=LDR  01286cam a2200325 a 4500
=001  5582457
=007  he\amb024bbca
=008  921130s1986\\\\onca\\\\\bm\\\\\\\0\eng\d
=016  \\$a890217157
=020  \\$a0315325410
=035  \\$aocm70314627
=040  \\$aAEU$beng$cAEU
=043  \\$an-cn-ab
=055  \3$aLB 2831.726 C2$bC96 1986
=090  0\$a86F-45$bAEU
=100  1\$aCymbol, Stephen.
=245  14$aThe role of the locally appointed superintendent of schools in Alberta school divisions and counties$h[microform] /$cby Stephen Cymbol.
=246  18$aRole of the superintendent of schools
=260  \\$c1986.
=300  \\$axviii, 269 leaves :$bill. ;$c29 cm.
=336  \\$atext$btxt$2rdacontent
=337  \\$amicroform$bh$2rdamedia
=338  \\$amicrofiche$bhe$2rdacarrier
=500  \\$aSubmitted to the Faculty of Graduate Studies and Research in partial fulfilment of the requirements for the degree of Master of Education, Department of Educational Administration.
=502  \\$aThesis (M. Ed.)--University of Alberta, 1986.
=504  \\$aIncludes bibliographical references (leaves 234-237).
=596  \\$a38
=650  \0$aSchool superintendents$zAlberta.
=710  2\$aUniversity of Alberta.$bDept. of Educational Administration.
=926  \\$aUABARD$bON_SHELF$c86F-45$dBOOK$f1

